@article{allcott-gentzkow2017,
    author = {Allcott Hunt and Matthew Gentzkow},
    title = {Social Media and Fake News in the 2016 Election},
    journal = {Journal of Economic Perspectives},
    volume = {31},
    number = {2},
    year = {2017},
    pages = {211--236},
    url = {https://www.aeaweb.org/articles?id=10.1257/jep.31.2.211},
}

@book{bennett2013logic,
    title = {The Logic of Connective Action: Digital Media and the Personalization of Contentious Politics},
    author = {W. Lance Bennett and Alexandra Segerberg},
    year = {2013},
    publisher = {Cambridge University Press},
    address = {Cambridge}
}

@online{reddit2024third-quarter-results,
    author = {{Reddit, Inc.}},
    title = {Reddit Announces Third Quarter 2024 Results},
    year = {2024},
    url = {https://investor.redditinc.com/news-events/news-releases/news-details/2024/Reddit-Announces-Third-Quarter-2024-Results/},
    note = {Accessed December 8, 2024}
}

@online{statista2024reddit-country,
    author = {Statista},
    title = {Regional Distribution of Desktop Traffic to Reddit.com as of March 2024, by Country},
    year = {2024},
    url = {https://www.statista.com/statistics/325144/reddit-global-active-user-distribution/},
    note = {Accessed December 8, 2024}
}

@online{pew2016,
    author = {{Pew Research Center}},
    title = {Reddit News Users More Likely to Be Male, Young and Digital in Their News Preferences},
    year = {2016},
    url = {https://www.pewresearch.org/journalism/2016/02/25/reddit-news-users-more-likely-to-be-male-young-and-digital-in-their-news-preferences/},
    note = {Accessed December 8, 2024}
}

@online{statista2024reddit-age,
    author = {Statista},
    title = {Percentage of U.S. Adults Who Use Reddit as of September 2023, by Age Group},
    year = {2024},
    url = {https://www.statista.com/statistics/261766/share-of-us-internet-users-who-use-reddit-by-age-group/},
    note = {Accessed December 8, 2024}
}

@online{statista2024reddit-gender,
    author = {Statista},
    title = {Distribution of Reddit Users Worldwide as of 1st Quarter 2024, by Gender},
    year = {2024},
    url = {https://www.statista.com/statistics/1255182/distribution-of-users-on-reddit-worldwide-gender/},
    note = {Accessed December 8, 2024}
}

@article{shirky2011,
    title = {The Political Power of Social Media: Technology, the Public Sphere, and Political Change},
    author = {Clay Shirky},
    year = {2011},
    journal = {Foreign Affairs},
    volume = {90},
    number = {1},
    pages = {28--41},
    publisher = {Council on Foreign Relations, Inc.},
    address = {New York},
}

@inbook{hussain2013democracy,
    author = {Philip Howard and Muzammil Hussain},
    title = {Digital Media and the Arab Spring},
    booktitle = {Democracyâ€™s Fourth Wave?: Digital Media and the Arab Spring},
    publisher = {Oxford University Press},
    address = {Oxford},
    year = {2013},
    url={https://doi.org/10.1093/acprof:oso/9780199936953.003.0001},
}

@article{zeitzoff2017,
    author = {Thomas Zeitzoff},
    title = {How Social Media Is Changing Conflict},
    journal = {Journal of Conflict Resolution},
    volume = {61},
    number = {9},
    pages = {1970--1991},
    year = {2017},
    url = {https://doi.org/10.1177/0022002717721392}
}

@book{sunstein2001republic,
    title = {Republic.com},
    author = {Cass R. Sunstein},
    year = {2001},
    publisher = {Princeton University Press},
    address = {Princeton}
}

@book{pariser2011filter,
    title = {The Filter Bubble: What the Internet is Hiding from You},
    author = {Eli Pariser},
    year = {2011},
    publisher = {Penguin},
    address = {London}
}

@book{massanari2015participatory,
    title = {Participatory Culture, Community, and Play: Learning from Reddit},
    author = {Adrienne Massanari},
    year = {2015},
    publisher = {Peter Lang},
    address = {Lausanne}
}

@article{gaffney2018caveat,
    title = {Caveat Emptor, Computational Social Science: Large-Scale Missing Data in a Widely-Published Reddit Corpus},
    author = {Devin Gaffney and J. Nathan Matias},
    journal = {PLOS ONE},
    publisher = {Public Library of Science},
    year = {2018},
    volume = {13},
    url = {https://doi.org/10.1371/journal.pone.0200162},
    pages = {1--13},
    number = {7},
}

@online{pew2024reddit-educated,
    author = {{Pew Research Center}},
    title = {Reddit News Users More Likely to Be Male, Young and Digital in Their News Preferences},
    year = {2016},
    url = {https://www.pewresearch.org/journalism/2016/02/25/reddit-news-users-more-likely-to-be-male-young-and-digital-in-their-news-preferences/},
    note = {Accessed December 8, 2024}
}

@article{sunstein2008democracy,
    title={Democracy and the Internet},
    author={Cass R. Sunstein},
    journal={Information technology and moral philosophy},
    volume={93},
    year={2008},
    publisher={Cambridge University Press},
    address={Cambridge}
}
